@misc{ebit19,
	Author = {Ebit},
	Date-Added = {2019-01-01 08:00:00 +0000},
	Title = {Webshoppers 40 - Versão Free},
	Url = {https://www.ebit.com.br/webshoppers/download?pathFile=D%3A%5CEbit%5CSites%5Cwww.ebit.com.br%5CPDF_WS%5C40.webshoppers_2019.pdf&fileName=Webshoppers_40.pdf},
	Year = 2019,
	Urlaccessdate = {16 jun 2020}}

@misc{shopify19,
	Author = {Shopify},
	Date-Added = {2019-02-14 08:00:00 +0000},
	Title = {Global Ecommerce Statistics and Trends to Launch Your Business Beyond Borders},
	Url = {https://www.shopify.com/enterprise/global-ecommerce-statistics},
	Year = 2019,
	Urlaccessdate = {16 jun 2020}}
	
@misc{rheude19,
	Author = {Jake Rheude},
	Date-Added = {2019-01-01 08:00:00 +0000},
	Title = {Will E-Commerce Benefit from Machine Learning or Face a New Threat?},
	Url = {https://neilpatel.com/blog/will-e-commerce-benefit-from-machine-learning},
	Year = 2019,
	Urlaccessdate = {16 jun 2020}}
	
@misc{keras20,
	Author = {Keras},
	Date-Added = {2020-01-01 08:00:00 +0000},
	Title = {How can I run Keras on GPU?},
	Url = {https://keras.io/getting-started/faq/#how-can-i-run-keras-on-gpu},
	Year = 2020,
	Urlaccessdate = {16 jun 2020}}	
	
@misc{olist20,
	Author = {Olist},
	Date-Added = {2020-01-01 08:00:00 +0000},
	Title = {Brazilian E-Commerce Public Dataset by Olist},
	Url = {https://www.kaggle.com/olistbr/brazilian-ecommerce},
	Year = 2020,
	Urlaccessdate = {16 jun 2020}}		
	
@misc{bezerra16,
	Author = {Eduardo Bezerra},
	Date-Added = {2016-01-01 08:00:00 +0000},
	Title = {Introdução à Aprendizagem Profunda},
	Url = {http://sbbd2016.fpc.ufba.br/sbbd2016/minicursos/minicurso3.pdf},
	Year = 2016,
	Urlaccessdate = {16 jun 2020}}	
	
@book{waterman85,
	Author = {Donald Waterman},
	Date-Added = {1985-01-01 08:00:00 +0000},
	Title = {A guide to Expert Systems},
	Address={Boston},
	Publisher = {Addison-Wesley},
	Year = 1985}
	
@book{mitchell97,
	Address = {New York},
	Author = {Tom Mitchell},
	Date-Added = {1997-01-01 08:00:00 +0000},
	Edition = {1},
	Publisher = {McGraw Hill},
	Title = {Machine Learning},
	Year = {1997}}
	
@book{mool18,
	Author = {Jojo Moolayil},
	Date-Added = {2018-01-01 08:00:00 +0000},
	Edition = {1},
	Publisher = {Apress},
	Title = {Learn Keras for Deep Neural Networks: A Fast-Track Approach to Modern Deep Learning with Python},
	Year = {2018}}
	
@book{alpa20,
	Author = {Ethem Alpaydin},
	Date-Added = {2020-01-01 08:00:00 +0000},
	Edition = {4},
	Publisher = {MIT},
	Address = {Cambridge},
	Title = {Introduction to Machine Learning},
	Year = {2018}}
	
@book{miro15,
	Author = {Miroslav Kubat},
	Date-Added = {2015-01-01 08:00:00 +0000},
	Edition = {2},
	Address = {Cham},
	Publisher = {Springer},
	Title = {An Introduction to Machine Learning},
	Year = {2015}}
	
@book{wolf17,
	Author = {Wolfgang Ertel},
	Date-Added = {2017-01-01 08:00:00 +0000},
	Edition = {2},
	Address = {Cham},
	Publisher = {Springer},
	Title = {An Introduction to Artificial Intelligence},
	Year = {2017}}
	
@book{skansi18,
	Author = {Sandro Skansi},
	Date-Added = {2018-01-01 08:00:00 +0000},
	Edition = {1},
	Publisher = {Springer},
	Title = {An Introduction to Deep Learning - From Logical Calculus to Artifical Intelligence},
	Year = {2018}}
	
@book{aggar18,
	Author = {Charu C. Aggarwal},
	Date-Added = {2018-01-01 08:00:00 +0000},
	Edition = {1},
	Publisher = {Springer},
	Address = {Cham},
	Title = {Neural Networks and Deep Learning - A Textbook},
	Year = {2018}}
	
@book{corduck04,
	Author = {Pamela McCorduck},
	Date-Added = {2004-01-01 08:00:00 +0000},
	Edition = {2},
	Address = {Natick},
	Publisher = {A. K. Peters, Ltd.},
	Title = {Machines Who Think},
	Year = {2004},
	Page = {204}}
	
@book{rich83,
	Author = {Elaine Rich},
	Date-Added = {1983-01-01 08:00:00 +0000},
	Edition = {1},
	Address = {New York},
	Publisher = {McGraw-Hill},
	Title = {Artificial Intelligence},
	Year = {1983}}
	
@misc{azevedo19,
	Author = {Eduardo Bezerra},
	Date-Added = {2019-01-01 08:00:00 +0000},
	Title = {Métodos de Machine Learning para seleção de variáveis com aplicações ao Rugby Sevens Feminino},
	Url = {https://www.lume.ufrgs.br/handle/10183/203926},
	Year = 2019,
	Urlaccessdate = {16 jun 2020}}	
	
@misc{lecun15,
	Author = {Yann LeCun},
	Date-Added = {2015-03-28 08:00:00 +0000},
	Title = {Deep learning},
	Url = {https://www.nature.com/articles/nature14539},
	Year = 2015,
	Urlaccessdate = {16 jun 2020}}
	
@misc{chen16,
    Author = "Ying Chen and JD Elenee Argentinis and Griff Weber",
    Date-Added = {2015-03-28 08:00:00 +0000},
    Title = "IBM Watson: How Cognitive Computing Can Be Applied to Big Data Challenges in Life Sciences Research",
    Url = "http://www.sciencedirect.com/science/article/pii/S0149291815013168",
    Year = 2016,
    Urlaccessdate = {16 jun 2020}}

@article{alaire18,
    Author = {Alarie, Benjamin and Niblett, Anthony and Yoon, Albert H},
    Title = {How artificial intelligence will affect the practice of law},
    Journal = {University of Toronto Law Journal},
    Url = "https://doi.org/10.3138/utlj.2017-0052",
    Year = 2018,
    Urlaccessdate = {16 jun 2020}}

@article{patricio18,
    Author = {Diego Inácio Patrício and Rafael Rieder},
    Title = {Computer vision and artificial intelligence in precision agriculture for grain crops: A systematic review},
    Url = "http://www.sciencedirect.com/science/article/pii/S0168169918305829",
    journal = "Computers and Electronics in Agriculture",
    volume = "153",
    pages = "69 - 81",
    Year = 2018,
    Urlaccessdate = {16 jun 2020}}

@misc{wang18,
    Author = "Wang, Weiyu and Siau, Keng L.",
    Date-Added = {2020-01-01 08:00:00 +0000},
    Title = {Living with Artificial Intelligence: Developing a Theory on Trust in Health Chatbots - Research in Progress},
    Url = {https://aisel.aisnet.org/sighci2018/4/},
    Year = 2018,
    Urlaccessdate = {16 jun 2020}}	
	
@misc{wessel20,
    Author = "Adam, M., Wessel, M. & Benlian, A",
    Date-Added = {2020-01-01 08:00:00 +0000},
    Title = {AI-based chatbots in customer service and their effects on user compliance},
    Url = "https://link.springer.com/article/10.1007/s12525-020-00414-7",
    Year = 2020,
    Urlaccessdate = {16 jun 2020}}	

@article{young19,
    author    = {KimNa-Young},
    title     = {A Study on the Use of Artificial Intelligence Chatbots for Improving English Grammar Skills},
    journal   = {Journal of Digital Convergence},
    volume    = {17},
    number    = {8},
    pages     = {37-46},
    year      = 2019,
    Urlaccessdate = {16 jun 2020}}
    
@book{haykin01,
	Author = {Simon Haykin},
	Date-Added = {2020-01-01 08:00:00 +0000},
	Edition = {1},
	Address = {Porto Alegre},
	Publisher = {Bookman},
	Title = {Redes neurais: princípios e prática.},
	Year = {2001}}

@misc{spyder20,
    Author = "Spyder",
    Date-Added = {2020-01-01 08:00:00 +0000},
    Title = {Spyder - The Scientific Python Development Environment},
    Url = {https://www.spyder-ide.org/},
    Year = 2020,
    Urlaccessdate = {16 jun 2020}}	
    
@misc{jupyter20,
    Author = "Jupyter",
    Date-Added = {2020-01-01 08:00:00 +0000},
    Title = {Project Jupyter},
    Url = {https://jupyter.org/},
    Year = 2020,
    Urlaccessdate = {16 jun 2020}}	

@misc{pycharm20,
    Author = "PyCharm",
    Date-Added = {2020-01-01 08:00:00 +0000},
    Title = {PyCharm - The Python IDE for Professional Developers},
    Url = {https://www.jetbrains.com/pycharm/},
    Year = 2020,
    Urlaccessdate = {16 jun 2020}}	
    
 @book{brownlee19,
	Author = {Jason Brownlee},
	Date-Added = {2020-01-01 08:00:00 +0000},
	Edition = {1},
	Publisher = {Jason Brownlee},
	Title = { Deep Learning With Python: Develop Deep Learning Models on Theano and TensorFlow Using Keras },
	Year = {2019}}   

@misc{keras202,
    Author = "Keras",
    Date-Added = {2020-01-01 08:00:00 +0000},
    Title = {Why Keras?},
    Url = {https://keras.io/why_keras},
    Year = 2020,
    Urlaccessdate = {16 jun 2020}}	
    
 @misc{keras203,
    Author = "Keras",
    Date-Added = {2020-01-01 08:00:00 +0000},
    Title = {The Keras ecosystem},
    Url = {https://keras.io/getting_started/ecosystem/},
    Year = 2020,
    Urlaccessdate = {16 jun 2020}}	   
    
 @misc{tf20,
    Author = "TensorFlow",
    Date-Added = {2020-01-01 08:00:00 +0000},
    Title = {Introduction to TensorFlow},
    Url = {https://www.tensorflow.org/learn},
    Year = 2020,
    Urlaccessdate = {16 jun 2020}}	  

@misc{theano20,
    Author = {{THEANO DEVELOPMENT TEAM}},
    Date-Added = {2020-01-01 08:00:00 +0000},
    Title = {Theano Docs - Welcome},
    Url = {http://deeplearning.net/software/theano/},
    Year = 2020,
    Urlaccessdate = {16 jun 2020}}	 
    
@article{theano16,
   author = {{THEANO DEVELOPMENT TEAM}},
    title = {Theano: A {Python} framework for fast computation of mathematical expressions},
  journal = {arXiv e-prints},
   volume = {abs/1605.02688},
     year = 2016,
      url = {http://arxiv.org/abs/1605.02688},
      Urlaccessdate = {16 jun 2020}}

 @book{ketkar17,
	Author = {N Ketkar},
	Date-Added = {2020-01-01 08:00:00 +0000},
	Edition = {1},
	Address = {New York},
	Publisher = {Apress},
	Title = { Introduction to PyTorch. In: Deep Learning with Python },
	Year = {2017}} 
	
	
@misc{xg20,
    Author = {{XGBoost}},
    Date-Added = {2020-01-01 08:00:00 +0000},
    Title = {XGBoost Documentation},
    Url = {https://xgboost.readthedocs.io/en/latest/},
    Year = 2020,
    Urlaccessdate = {16 jun 2020}}	 

	
@article{natekin13,
    AUTHOR={Natekin, Alexey and Knoll, Alois},   
    TITLE={Gradient boosting machines, a tutorial},      
    JOURNAL={Frontiers in Neurorobotics},     
    VOLUME={7},      
    PAGES={21},     
    YEAR={2013},      
    URL={https://www.frontiersin.org/article/10.3389/fnbot.2013.00021},
    Urlaccessdate = {16 jun 2020}}

@misc{lgbm20,
    Author = {{LIGHTGBM}},
    Date-Added = {2020-01-01 08:00:00 +0000},
    Title = {Welcome to LightGBM’s documentation!},
    Url = {https://lightgbm.readthedocs.io/en/latest/},
    Year = 2020,
    Urlaccessdate = {16 jun 2020}}	 
    
@misc{peixeiro19,
    Author = "Marco Peixeiro",
    Date-Added = {2020-01-01 08:00:00 +0000},
    Title = {How to Build a Deep Neural Network Without a Framework},
    Url = {https://towardsdatascience.com/how-to-build-a-deep-neural-network-without-a-framework-5d46067754d5},
    Year = 2019,
    Urlaccessdate = {16 jun 2020}}	    

@misc{pereira88,
    Author = "Luís Moniz Pereira",
    Date-Added = {2020-01-01 08:00:00 +0000},
    Title = {Inteligência Artificial Mito e Ciência},
    Url = {https://www.researchgate.net/publication/237130636_Inteligencia_Artificial_Mito_e_Ciencia},
    Year = 1988,
    Page = {2},
    Urlaccessdate = {16 jun 2020}}	    
    
@misc{osorio20,
    author = {Osorio, Fernando and João, Ricardo and Bittencourt},
    year = {2020},
    Url = {https://www.researchgate.net/publication/228588719_Sistemas_Inteligentes_baseados_em_redes_neurais_artificiais_aplicados_ao_processamento_de_imagens},
    title = {Sistemas Inteligentes baseados em redes neurais artificiais aplicados ao processamento de imagens},
    Urlaccessdate = {16 jun 2020}}	
}

@book{nikopoulos97,
    author = {Chris NIKOLOPOULOS},
    title = {Expert Systems – Introduction to First and Second Generation and Hybrid Knowledge Based Systems},
    address = {New York},
    publisher = {Marcel Dekker},
    year = {1997}
}

@book{larousse99,
    author = {LAROUSSE},
    title = {Grande Enciclopédia Larousse Cultural},
    publisher = {Nova Cultural},
    address = {São Paulo},
    year = {1999}
}

@misc{rauber20,
    author = {Thomas Rauber},
    year = {2020},
    Url = {https://www.researchgate.net/publication/228686464_Redes_neurais_artificiais},
    title = {Redes Neurais Artificiais},
    Page = {3},
    Urlaccessdate = {16 jun 2020}}	
}

@article{stimpson14,
  author={A. J. {STIMPSON} and M. L. {CUMMINGS}},
  journal={IEEE Access}, 
  title={Assessing Intervention Timing in Computer-Based Education Using Machine Learning Algorithms}, 
  Url={https://ieeexplore.ieee.org/document/6730683},
  Urlaccessdate = {16 jun 2020},
  year={2014}
}

@misc{clarence04,
  author={Kumar, Kuldeep and Tan, Clarence},
  title={Artificial Intelligence in Financial Distress Prediction}, 
  Url={https://www.researchgate.net/publication/237301698_Artificial_Intelligence_in_Financial_Distress_Prediction},
  Urlaccessdate = {16 jun 2020},
  year={2004}
}

@article{chitturi20,
title = "Deep neural approach to Fake-News identification",
journal = "Procedia Computer Science",
year = "2020",
url = "http://www.sciencedirect.com/science/article/pii/S1877050920307420",
author = "Deepak S and Bhadrachalam Chitturi",
}

@article {tatalovic18,
title="AI writing bots are about to revolutionise science journalism: we must shape how this is done",
journal="JCOM 17 (01)",
year="2018",
url="https://doi.org/10.22323/2.17010501",
author="Tatalovic, M."
}

@article{chen19,
  author={X. {REN} and Y. {CHEN}},
  journal={IEEE Access}, 
  title={How Can Artificial Intelligence Help With Space Missions - A Case Study: Computational Intelligence-Assisted Design of Space Tether for Payload Orbital Transfer Under Uncertainties}, 
  year={2019},
  volume={7},
  pages={161449-161458}}
  
@INPROCEEDINGS{wangoo18,
  author={D. P. {WANGOO}},
  booktitle={2018 4th International Conference on Computing Communication and Automation (ICCCA)}, 
  title={Artificial Intelligence Techniques in Software Engineering for Automated Software Reuse and Design}, 
  year={2018},
  pages={1-4}}

@INPROCEEDINGS{sun11,
  author={ Ming Zhang {CHUAN} and  {Yang Wang} and  {ZuHe wang} and  {Lingzhi Sun}},
  booktitle={2011 2nd International Conference on Artificial Intelligence, Management Science and Electronic Commerce (AIMSEC)}, 
  title={Applying artificial neural network to build engineering project bid evaluation system}, 
  year={2011},
  pages={211-214}}
  
@ARTICLE{yager00,
  author={R. R. {YAGER}},
  journal={IEEE Intelligent Systems and their Applications}, 
  title={Targeted e-commerce marketing using fuzzy intelligent agents}, 
  url={https://ieeexplore.ieee.org/abstract/document/895859},
  year={2000},
  volume={15},
  number={6},
  pages={42-45},}
  
@ARTICLE{prasad03,
  author={Bhanu Prasad},
  journal={Journal of Electronic Commerce Research}, 
  title={INTELLIGENT TECHNIQUES FOR E-COMMERCE}, 
  url={https://www.researchgate.net/publication/220437612_Intelligent_Techniques_for_E-Commerce},
  year={2003},
  volume={4},
  number={2},}
  
@ARTICLE{burke02,
  author={ Burke, R.},
  journal={Artificial Intelligence Review}, 
  title={INTELLIGENT TECHNIQUES FOR E-COMMERCE}, 
  url={https://link.springer.com/article/10.1023/A:1020701617138},
  year={2002},
  volume={18},
  number={1},
  pages={245–267},}
  
@article{aciar07,
    author = {Vanesa Aciar, Silvana and Serarols-Tarres, Christian and Royo-Vela, Marcelo and De la Rosa i Esteva, Josep Lluis},
    title = {Increasing effectiveness in e-commerce: recommendations applying intelligent agents},
    journal = {International Journal of Business and Systems Research},
    volume = {1},
    number = {1},
    pages = {81-97},
    year = {2007},
    URL = {https://www.inderscienceonline.com/doi/abs/10.1504/IJBSR.2007.014774}}
    
@INPROCEEDINGS{wei07,
    author={K. {WEI} and J. {Huang} and S. {Fu}},
    booktitle={2007 International Conference on Service Systems and Service Management}, 
    title={A Survey of E-Commerce Recommender Systems}, 
    year={2007},
    pages={1-5},}

@ARTICLE{li19,  
    author={M. {LI} and H. {Wu} and H. {Zhang}},  
    journal={IEEE Access},   
    title={Matrix Factorization for Personalized Recommendation With Implicit Feedback and Temporal Information in Social Ecommerce Networks},   
    year={2019},  
    volume={7},  
    number={1},  
    pages={141268-141276}}

@ARTICLE{chen18,
  author={R. {CHEN} and Q. {Hua} and Y. {Chang} and B. {Wang} and L. {Zhang} and X. {Kong}},
  journal={IEEE Access}, 
  title={A Survey of Collaborative Filtering-Based Recommender Systems: From Traditional Methods to Hybrid Methods Based on Social Networks}, 
  year={2018},
  volume={6},
  number={},
  pages={64301-64320},}