@article{aciar07,
	title        = {Increasing effectiveness in e-commerce: recommendations applying intelligent agents},
	author       = {Vanesa Aciar, Silvana and Serarols-Tarres, Christian and Royo-Vela, Marcelo and De la Rosa i Esteva, Josep Lluis},
	year         = 2007,
	journal      = {International Journal of Business and Systems Research},
	volume       = 1,
	number       = 1,
	pages        = {81--97},
	url          = {https://www.researchgate.net/publication/247834709_Increasing_effectiveness_in_e-commerce_Recommendations_applying_intelligent_agents}
}
@misc{wessel20,
	title        = {AI-based chatbots in customer service and their effects on user compliance},
	author       = {Adam, M., Wessel, M. & Benlian, A},
	year         = 2020,
	url          = {https://link.springer.com/article/10.1007/s12525-020-00414-7},
	date-added   = {2020-01-01 08:00:00 +0000},
	urlaccessdate = {18 out 2020}
}
@inproceedings{aggarwal99,
	title        = {Horting hatches an egg},
	author       = {Charu C. Aggarwal and Joel L. Wolf and Kun-Lung Wu and Philip S. Yu},
	year         = 1999,
	booktitle    = {Proceedings of the fifth {ACM} {SIGKDD} international conference on Knowledge discovery and data mining  - {KDD} {\textquotesingle}99},
	publisher    = {{ACM} Press},
	doi          = {10.1145/312129.312230},
	url          = {https://doi.org/10.1145/312129.312230}
}
@book{aggar18,
	title        = {Neural Networks and Deep Learning - A Textbook},
	author       = {Charu C. Aggarwal},
	year         = 2018,
	publisher    = {Springer},
	address      = {Cham},
	date-added   = {2018-01-01 08:00:00 +0000},
	edition      = 1
}
@article{alaire18,
	title        = {How artificial intelligence will affect the practice of law},
	author       = {Alarie, Benjamin and Niblett, Anthony and Yoon, Albert H},
	year         = 2018,
	journal      = {University of Toronto Law Journal},
	url          = {https://doi.org/10.3138/utlj.2017-0052},
	urlaccessdate = {18 out 2020}
}
@book{alpa20,
	title        = {Introduction to Machine Learning},
	author       = {Ethem Alpaydin},
	year         = 2018,
	publisher    = {MIT},
	address      = {Cambridge},
	date-added   = {2020-01-01 08:00:00 +0000},
	edition      = 4
}
@article{balabanovi97,
	title        = {Fab},
	author       = {Marko Balabanovi{\'{c}} and Yoav Shoham},
	year         = 1997,
	month        = mar,
	journal      = {Communications of the {ACM}},
	publisher    = {Association for Computing Machinery ({ACM})},
	volume       = 40,
	number       = 3,
	pages        = {66--72},
	doi          = {10.1145/245108.245124},
	url          = {https://doi.org/10.1145/245108.245124}
}
@misc{bezerra16,
	title        = {Introdução à Aprendizagem Profunda},
	author       = {Eduardo Bezerra},
	year         = 2016,
	url          = {http://sbbd2016.fpc.ufba.br/sbbd2016/minicursos/minicurso3.pdf},
	date-added   = {2016-01-01 08:00:00 +0000},
	urlaccessdate = {18 out 2020},
	is-portuguese = 1
}
@book{brownlee19,
	title        = {Deep Learning With Python: Develop Deep Learning Models on Theano and TensorFlow Using Keras},
	author       = {Jason Brownlee},
	year         = 2019,
	publisher    = {Jason Brownlee},
	date-added   = {2020-01-01 08:00:00 +0000},
	edition      = 1
}
@article{burke02,
	title        = {Interactive Critiquing for Catalog Navigation in E-Commerce},
	author       = {Burke, R.},
	year         = 2002,
	journal      = {Artificial Intelligence Review},
	volume       = 18,
	number       = 1,
	pages        = {245–267},
	url          = {https://link.springer.com/article/10.1023/A:1020701617138}
}
@misc{chen10,
	title        = {Online Retail Data Set},
	author       = {Chen, Daqing},
	year         = 2010,
	url          = {https://archive.ics.uci.edu/ml/datasets/Online+Retail},
	urlaccessdate = {18 out 2020}
}
@misc{chen16,
	title        = {IBM Watson: How Cognitive Computing Can Be Applied to Big Data Challenges in Life Sciences Research},
	author       = {Ying Chen and JD Elenee Argentinis and Griff Weber},
	year         = 2016,
	url          = {http://www.sciencedirect.com/science/article/pii/S0149291815013168},
	date-added   = {2015-03-28 08:00:00 +0000},
	urlaccessdate = {18 out 2020}
}
@inproceedings{sun11,
	title        = {Applying artificial neural network to build engineering project bid evaluation system},
	author       = {Ming Zhang {CHUAN} and  {Yang Wang} and  {ZuHe wang} and  {Lingzhi Sun}},
	year         = 2011,
	booktitle    = {2011 2nd International Conference on Artificial Intelligence, Management Science and Electronic Commerce (AIMSEC)},
	pages        = {211--214}
}
@misc{ebit19,
	title        = {Webshoppers 40 - Versão Free},
	author       = {Ebit},
	year         = 2019,
	url          = {https://www.ebit.com.br/webshoppers/download?pathFile=D%3A%5CEbit%5CSites%5Cwww.ebit.com.br%5CPDF_WS%5C40.webshoppers_2019.pdf&fileName=Webshoppers_40.pdf},
	date-added   = {2019-01-01 08:00:00 +0000},
	urlaccessdate = {18 out 2020},
	is-portuguese = 1
}
@book{wolf17,
	title        = {An Introduction to Artificial Intelligence},
	author       = {Wolfgang Ertel},
	year         = 2017,
	publisher    = {Springer},
	address      = {Cham},
	date-added   = {2017-01-01 08:00:00 +0000},
	edition      = 2
}
@phdthesis{fressato19,
	title        = {Incorpora{\c{c}}{\~{a}}o de metadados sem{\^{a}}nticos para recomenda{\c{c}}{\~{a}}o no cen{\'{a}}rio de partida fria},
	author       = {Eduardo Pereira Fressato},
	year         = 2019,
	publisher    = {Universidade de Sao Paulo,  Agencia {USP} de Gestao da Informacao Academica ({AGUIA})},
	doi          = {10.11606/d.55.2019.tde-09082019-134753},
	url          = {https://doi.org/10.11606/d.55.2019.tde-09082019-134753},
	is-portuguese = 1
}
@misc{google20,
	title        = {Machile Learning Glossary},
	author       = {{GOOGLE DEVELOPERS}},
	year         = 2020,
	url          = {https://developers.google.com/machine-learning/glossary},
	urlaccessdate = {18 out 2020}
}
@book{haykin01,
	title        = {Redes neurais: princípios e prática.},
	author       = {Simon Haykin},
	year         = 2001,
	publisher    = {Bookman},
	address      = {Porto Alegre},
	date-added   = {2020-01-01 08:00:00 +0000},
	edition      = 1,
	is-portuguese = 1
}
@inproceedings{he17,
	title        = {Neural Collaborative Filtering},
	author       = {Xiangnan HE and Lizi LIAO and Hanwang ZHANG and Liqiang NIE and Xia HU and Tat-Seng CHUA},
	year         = 2017,
	month        = apr,
	booktitle    = {Proceedings of the 26th International Conference on World Wide Web},
	publisher    = {International World Wide Web Conferences Steering Committee},
	doi          = {10.1145/3038912.3052569},
	url          = {https://doi.org/10.1145/3038912.3052569}
}
@article{hwangbo18,
	title        = {Recommendation system development for fashion retail e-commerce},
	author       = {Hyunwoo Hwangbo and Yang Sok Kim and Kyung Jin Cha},
	year         = 2018,
	month        = mar,
	journal      = {Electronic Commerce Research and Applications},
	publisher    = {Elsevier {BV}},
	volume       = 28,
	pages        = {94--101},
	doi          = {10.1016/j.elerap.2018.01.012},
	url          = {https://doi.org/10.1016/j.elerap.2018.01.012}
}
@misc{jupyter20,
	title        = {Project Jupyter},
	author       = {Jupyter},
	year         = 2020,
	url          = {https://jupyter.org/},
	date-added   = {2020-01-01 08:00:00 +0000},
	urlaccessdate = {18 out 2020}
}
@misc{keras20,
	title        = {How can I run Keras on GPU?},
	author       = {Keras},
	year         = 2020,
	url          = {https://keras.io/getting-started/faq/#how-can-i-run-keras-on-gpu},
	date-added   = {2020-01-01 08:00:00 +0000},
	urlaccessdate = {18 out 2020}
}
@misc{keras202,
	title        = {Why Keras?},
	author       = {Keras},
	year         = 2020,
	url          = {https://keras.io/why_keras},
	date-added   = {2020-01-01 08:00:00 +0000},
	urlaccessdate = {18 out 2020}
}
@misc{keras203,
	title        = {The Keras ecosystem},
	author       = {Keras},
	year         = 2020,
	url          = {https://keras.io/getting_started/ecosystem/},
	date-added   = {2020-01-01 08:00:00 +0000},
	urlaccessdate = {18 out 2020}
}
@misc{keras204,
	title        = {Accuracy metrics - Accuracy class},
	author       = {Keras},
	year         = 2020,
	url          = {https://keras.io/api/metrics/accuracy_metrics/#accuracy-class},
	date-added   = {2020-01-01 08:00:00 +0000},
	urlaccessdate = {18 out 2020}
}
@misc{keras205,
	title        = {Losses},
	author       = {Keras},
	year         = 2020,
	url          = {https://keras.io/api/losses/},
	date-added   = {2020-01-01 08:00:00 +0000},
	urlaccessdate = {18 out 2020}
}
@book{ketkar17,
	title        = {Introduction to PyTorch. In: Deep Learning with Python},
	author       = {N Ketkar},
	year         = 2017,
	publisher    = {Apress},
	address      = {New York},
	date-added   = {2020-01-01 08:00:00 +0000},
	edition      = 1
}
@article{kim01,
	title        = {A new recommender system to combine content-based and collaborative filtering systems},
	author       = {B-D Kim and S-O Kim},
	year         = 2001,
	month        = apr,
	journal      = {Journal of Database Marketing {\&} Customer Strategy Management},
	publisher    = {Springer Science and Business Media {LLC}},
	volume       = 8,
	number       = 3,
	pages        = {244--252},
	doi          = {10.1057/palgrave.jdm.3240040},
	url          = {https://doi.org/10.1057/palgrave.jdm.3240040}
}
@article{young19,
	title        = {A Study on the Use of Artificial Intelligence Chatbots for Improving English Grammar Skills},
	author       = {KimNa-Young},
	year         = 2019,
	journal      = {Journal of Digital Convergence},
	volume       = 17,
	number       = 8,
	pages        = {37--46},
	urlaccessdate = {18 out 2020}
}
@misc{clarence04,
	title        = {Artificial Intelligence in Financial Distress Prediction},
	author       = {Kumar, Kuldeep and Tan, Clarence},
	year         = 2004,
	url          = {https://www.researchgate.net/publication/237301698_Artificial_Intelligence_in_Financial_Distress_Prediction},
	urlaccessdate = {18 out 2020}
}
@book{larousse99,
	title        = {Grande Enciclopédia Larousse Cultural},
	author       = {LAROUSSE},
	year         = 1999,
	publisher    = {Nova Cultural},
	address      = {São Paulo},
	is-portuguese = 1
}
@misc{lecun15,
	title        = {Deep learning},
	author       = {Yann LeCun},
	year         = 2015,
	url          = {https://www.nature.com/articles/nature14539},
	date-added   = {2015-03-28 08:00:00 +0000},
	urlaccessdate = {18 out 2020}
}
@incollection{lee04,
	title        = {Discovery of Hidden Similarity on Collaborative Filtering to Overcome Sparsity Problem},
	author       = {Sanghack Lee and Jihoon Yang and Sung-Yong Park},
	year         = 2004,
	booktitle    = {Discovery Science},
	publisher    = {Springer Berlin Heidelberg},
	pages        = {396--402},
	doi          = {10.1007/978-3-540-30214-8_36},
	url          = {https://doi.org/10.1007/978-3-540-30214-8_36}
}
@article{li19,
	title        = {Matrix Factorization for Personalized Recommendation With Implicit Feedback and Temporal Information in Social Ecommerce Networks},
	author       = {M. {LI} and H. {Wu} and H. {Zhang}},
	year         = 2019,
	journal      = {IEEE Access},
	volume       = 7,
	number       = 1,
	pages        = {141268--141276}
}
@article{li16,
	title        = {A Similarity Scenario-Based Recommendation Model With Small Disturbances for Unknown Items in Social Networks},
	author       = {T. {LI} and A. {LIU} and C. {HUANG}},
	year         = 2016,
	journal      = {IEEE Access},
	volume       = 4,
	number       = {},
	pages        = {9251--9272}
}
@article{li05,
	title        = {A hybrid collaborative filtering method for multiple-interests and multiple-content recommendation in E-Commerce},
	author       = {Yu Li and Liu Lu and Li Xuefeng},
	year         = 2005,
	month        = jan,
	journal      = {Expert Systems with Applications},
	publisher    = {Elsevier {BV}},
	volume       = 28,
	number       = 1,
	pages        = {67--77},
	doi          = {10.1016/j.eswa.2004.08.013},
	url          = {https://doi.org/10.1016/j.eswa.2004.08.013}
}
@misc{lgbm20,
	title        = {Welcome to LightGBM’s documentation!},
	author       = {{LIGHTGBM}},
	year         = 2020,
	url          = {https://lightgbm.readthedocs.io/en/latest/},
	date-added   = {2020-01-01 08:00:00 +0000},
	urlaccessdate = {18 out 2020}
}
@book{corduck04,
	title        = {Machines Who Think},
	author       = {Pamela McCorduck},
	year         = 2004,
	publisher    = {A. K. Peters, Ltd.},
	address      = {Natick},
	date-added   = {2004-01-01 08:00:00 +0000},
	edition      = 2,
	page         = 204
}
@article{melville02,
	title        = {Content-boosted collaborative filtering for improved recommendations},
	author       = {Melville, Prem and Mooney, Raymond J and Nagarajan, Ramadass},
	year         = 2002,
	journal      = {Aaai/iaai},
	volume       = 23,
	pages        = {187--192}
}
@misc{michaelis20,
	title        = {Dispersão},
	author       = {Michaelis},
	year         = 2020,
	url          = {https://michaelis.uol.com.br/palavra/9OA8/dispersão},
	urlaccessdate = {18 out 2020},
	is-portuguese = 1
}
@book{mitchell97,
	title        = {Machine Learning},
	author       = {Tom Mitchell},
	year         = 1997,
	publisher    = {McGraw Hill},
	address      = {New York},
	date-added   = {1997-01-01 08:00:00 +0000},
	edition      = 1
}
@article{natekin13,
	title        = {Gradient boosting machines, a tutorial},
	author       = {Natekin, Alexey and Knoll, Alois},
	year         = 2013,
	journal      = {Frontiers in Neurorobotics},
	volume       = 7,
	pages        = 21,
	url          = {https://www.frontiersin.org/article/10.3389/fnbot.2013.00021},
	urlaccessdate = {18 out 2020}
}
@article{nhu20,
	title        = {Effectiveness assessment of Keras based deep learning with different robust optimization algorithms for shallow landslide susceptibility mapping at tropical area},
	author       = {Viet-Ha Nhu and Nhat-Duc Hoang and Hieu Nguyen and Phuong Thao Thi Ngo and Tinh Thanh Bui and Pham Viet Hoa and Pijush Samui and Dieu Tien Bui},
	year         = 2020,
	month        = may,
	journal      = {{CATENA}},
	publisher    = {Elsevier {BV}},
	volume       = 188,
	pages        = 104458,
	doi          = {10.1016/j.catena.2020.104458},
	url          = {https://doi.org/10.1016/j.catena.2020.104458}
}
@book{nikopoulos97,
	title        = {Expert Systems – Introduction to First and Second Generation and Hybrid Knowledge Based Systems},
	author       = {Chris NIKOLOPOULOS},
	year         = 1997,
	publisher    = {Marcel Dekker},
	address      = {New York}
}
@misc{osorio20,
	title        = {Sistemas Inteligentes baseados em redes neurais artificiais aplicados ao processamento de imagens},
	author       = {OSORIO, Fernando and JOÃO, Ricardo and BITTENCOURT, João},
	year         = 2020,
	url          = {https://www.researchgate.net/publication/228588719_Sistemas_Inteligentes_baseados_em_redes_neurais_artificiais_aplicados_ao_processamento_de_imagens},
	urlaccessdate = {18 out 2020},
	is-portuguese = 1
}
}
@article{patricio18,
	title        = {Computer vision and artificial intelligence in precision agriculture for grain crops: A systematic review},
	author       = {Diego Inácio Patrício and Rafael Rieder},
	year         = 2018,
	journal      = {Computers and Electronics in Agriculture},
	volume       = 153,
	pages        = {69--81},
	url          = {http://www.sciencedirect.com/science/article/pii/S0168169918305829},
	urlaccessdate = {18 out 2020}
}
@article{pearson1895,
	title        = {X. Contributions to the mathematical theory of evolution.{\textemdash}{II}. Skew variation in homogeneous material},
	author       = {Karl Pearson},
	year         = 1895,
	month        = dec,
	journal      = {Philosophical Transactions of the Royal Society of London. (A.)},
	publisher    = {The Royal Society},
	volume       = 186,
	pages        = {343--414},
	doi          = {10.1098/rsta.1895.0010},
	url          = {https://doi.org/10.1098/rsta.1895.0010}
}
@misc{peixeiro19,
	title        = {How to Build a Deep Neural Network Without a Framework},
	author       = {Marco Peixeiro},
	year         = 2019,
	url          = {https://towardsdatascience.com/how-to-build-a-deep-neural-network-without-a-framework-5d46067754d5},
	date-added   = {2020-01-01 08:00:00 +0000},
	urlaccessdate = {18 out 2020}
}
@misc{pereira88,
	title        = {Inteligência Artificial Mito e Ciência},
	author       = {Luís Moniz Pereira},
	year         = 1988,
	url          = {https://www.researchgate.net/publication/237130636_Inteligencia_Artificial_Mito_e_Ciencia},
	date-added   = {2020-01-01 08:00:00 +0000},
	page         = 2,
	urlaccessdate = {18 out 2020},
	is-portuguese = 1
}
@misc{pycharm20,
	title        = {PyCharm - The Python IDE for Professional Developers},
	author       = {PyCharm},
	year         = 2020,
	url          = {https://www.jetbrains.com/pycharm/},
	date-added   = {2020-01-01 08:00:00 +0000},
	urlaccessdate = {18 out 2020}
}
@misc{rauber20,
	title        = {Redes Neurais Artificiais},
	author       = {Thomas Rauber},
	year         = 2020,
	url          = {https://www.researchgate.net/publication/228686464_Redes_neurais_artificiais},
	page         = 3,
	urlaccessdate = {18 out 2020},
	is-portuguese = 1
}
}
@article{chen19,
	title        = {How Can Artificial Intelligence Help With Space Missions - A Case Study: Computational Intelligence-Assisted Design of Space Tether for Payload Orbital Transfer Under Uncertainties},
	author       = {X. {REN} and Y. {CHEN}},
	year         = 2019,
	journal      = {IEEE Access},
	volume       = 7,
	pages        = {161449--161458}
}
@misc{rheude19,
	title        = {Will E-Commerce Benefit from Machine Learning or Face a New Threat?},
	author       = {Jake Rheude},
	year         = 2019,
	url          = {https://neilpatel.com/blog/will-e-commerce-benefit-from-machine-learning},
	date-added   = {2019-01-01 08:00:00 +0000},
	urlaccessdate = {18 out 2020}
}
@book{rich83,
	title        = {Inteligência Artificial},
	author       = {Elaine {RICH} and Kevin {KNIGHT}},
	year         = 1993,
	publisher    = {Makron Books do Brasil},
	address      = {São Paulo},
	date-added   = {1993-01-01 08:00:00 +0000},
	edition      = 2
}
@article{rusiecki19,
	title        = {Trimmed categorical cross-entropy for deep learning with label noise},
	author       = {A. Rusiecki},
	year         = 2019,
	month        = mar,
	journal      = {Electronics Letters},
	publisher    = {Institution of Engineering and Technology ({IET})},
	volume       = 55,
	number       = 6,
	pages        = {319--320},
	doi          = {10.1049/el.2018.7980},
	url          = {https://doi.org/10.1049/el.2018.7980}
}
@article{chitturi20,
	title        = {Deep neural approach to Fake-News identification},
	author       = {Deepak S and Bhadrachalam Chitturi},
	year         = 2020,
	journal      = {Procedia Computer Science},
	url          = {http://www.sciencedirect.com/science/article/pii/S1877050920307420}
}
@misc{sbvc20,
	title        = {Novos Hábitos Digitais em Tempos de COVID-19},
	author       = {SBVC},
	year         = 2020,
	url          = {http://sbvc.com.br/novos-habitos-digitais-em-tempos-de-covid-19/},
	urlaccessdate = {18 out 2020},
	is-portuguese = 1
}
@article{shoja19,
	title        = {Customer Reviews Analysis With Deep Neural Networks for E-Commerce Recommender Systems},
	author       = {B. {SHOJA} and N. {TABRIZI}},
	year         = 2019,
	journal      = {IEEE Access},
	volume       = 7,
	number       = {},
	pages        = {119121--119130}
}
@misc{shopify19,
	title        = {Global Ecommerce Statistics and Trends to Launch Your Business Beyond Borders},
	author       = {Aaron Orendorff},
	year         = 2019,
	url          = {https://www.shopify.com/enterprise/global-ecommerce-statistics},
	date-added   = {2019-02-14 08:00:00 +0000},
	urlaccessdate = {18 out 2020}
}
@book{skansi18,
	title        = {An Introduction to Deep Learning - From Logical Calculus to Artifical Intelligence},
	author       = {Sandro Skansi},
	year         = 2018,
	publisher    = {Springer},
	date-added   = {2018-01-01 08:00:00 +0000},
	edition      = 1
}
@misc{spyder20,
	title        = {Spyder - The Scientific Python Development Environment},
	author       = {Spyder},
	year         = 2020,
	url          = {https://www.spyder-ide.org/},
	date-added   = {2020-01-01 08:00:00 +0000},
	urlaccessdate = {18 out 2020}
}
@article{stimpson14,
	title        = {Assessing Intervention Timing in Computer-Based Education Using Machine Learning Algorithms},
	author       = {A. J. {STIMPSON} and M. L. {CUMMINGS}},
	year         = 2014,
	journal      = {IEEE Access},
	url          = {https://ieeexplore.ieee.org/document/6730683},
	urlaccessdate = {18 out 2020}
}
@misc{tanner18,
	title        = {Keras Tutorial #10 - Book Recommendation System},
	author       = {Gilbert Tanner},
	year         = 2018,
	url          = {https://www.youtube.com/watch?v=4vwNkHFuZBk},
	urlaccessdate = {18 out 2020}
}
@article{tatalovic18,
	title        = {AI writing bots are about to revolutionise science journalism: we must shape how this is done},
	author       = {Tatalovic, M.},
	year         = 2018,
	journal      = {JCOM 17 (01)},
	url          = {https://doi.org/10.22323/2.17010501}
}
@misc{tf20,
	title        = {Introduction to TensorFlow},
	author       = {TensorFlow},
	year         = 2020,
	url          = {https://www.tensorflow.org/learn},
	date-added   = {2020-01-01 08:00:00 +0000},
	urlaccessdate = {18 out 2020}
}
@misc{theano20,
	title        = {Theano Docs - Welcome},
	author       = {{THEANO DEVELOPMENT TEAM}},
	year         = 2020,
	url          = {http://deeplearning.net/software/theano/},
	date-added   = {2020-01-01 08:00:00 +0000},
	urlaccessdate = {18 out 2020}
}
@article{theano16,
	title        = {Theano: A {Python} framework for fast computation of mathematical expressions},
	author       = {{THEANO DEVELOPMENT TEAM}},
	year         = 2016,
	journal      = {arXiv e-prints},
	volume       = {abs/1605.02688},
	url          = {http://arxiv.org/abs/1605.02688},
	urlaccessdate = {18 out 2020}
}
@misc{wang18,
	title        = {Living with Artificial Intelligence: Developing a Theory on Trust in Health Chatbots - Research in Progress},
	author       = {Wang, Weiyu and Siau, Keng L.},
	year         = 2018,
	url          = {https://aisel.aisnet.org/sighci2018/4/},
	date-added   = {2020-01-01 08:00:00 +0000},
	urlaccessdate = {18 out 2020}
}
@inproceedings{wang19,
	title        = {Neural Graph Collaborative Filtering},
	author       = {Xiang Wang and Xiangnan He and Meng Wang and Fuli Feng and Tat-Seng Chua},
	year         = 2019,
	month        = jul,
	booktitle    = {Proceedings of the 42nd International {ACM} {SIGIR} Conference on Research and Development in Information Retrieval},
	publisher    = {{ACM}},
	doi          = {10.1145/3331184.3331267},
	url          = {https://doi.org/10.1145/3331184.3331267}
}
@inproceedings{wangoo18,
	title        = {Artificial Intelligence Techniques in Software Engineering for Automated Software Reuse and Design},
	author       = {D. P. {WANGOO}},
	year         = 2018,
	booktitle    = {2018 4th International Conference on Computing Communication and Automation (ICCCA)},
	pages        = {1--4}
}
@book{waterman85,
	title        = {A guide to Expert Systems},
	author       = {Donald Waterman},
	year         = 1985,
	publisher    = {Addison-Wesley},
	address      = {Boston},
	date-added   = {1985-01-01 08:00:00 +0000}
}
@misc{weisstein20,
	title        = {Dot Product},
	author       = {Weisstein, Eric W.},
	year         = 2020,
	url          = {https://mathworld.wolfram.com/DotProduct.html},
	urlaccessdate = {18 out 2020}
}
@misc{weisstein20b,
	title        = {Pearson's Skewness Coefficients},
	author       = {Weisstein, Eric W.},
	year         = 2020,
	url          = {https://mathworld.wolfram.com/PearsonsSkewnessCoefficients.html},
	urlaccessdate = {18 out 2020}
}
@article{wu20,
	title        = {Visual and Textual Jointly Enhanced Interpretable Fashion Recommendation},
	author       = {Q. {WU} and P. {ZHAO} and Z. {CUI}},
	year         = 2020,
	journal      = {IEEE Access},
	volume       = 8,
	number       = {},
	pages        = {68736--68746}
}
@article{yager00,
	title        = {Targeted e-commerce marketing using fuzzy intelligent agents},
	author       = {R. R. {YAGER}},
	year         = 2000,
	journal      = {IEEE Intelligent Systems and their Applications},
	volume       = 15,
	number       = 6,
	pages        = {42--45},
	url          = {https://ieeexplore.ieee.org/abstract/document/895859}
}
@article{yang20,
	title        = {A hybrid recommender system for sequential recommendation: Combining similarity models with Markov chains},
	author       = {Y. {YANG} and H. -J. {JANG} and B. {KIM}},
	year         = 2020,
	journal      = {IEEE Access},
	volume       = {},
	number       = {},
	pages        = {1--1}
}
@misc{perez20,
	title        = {Pandemic helped drive Walmart e-commerce sales up 97\% in second quarter},
	author       = {Sarah {PEREZ}},
	year         = 2020,
	url          = {https://techcrunch.com/2020/08/18/pandemic-helped-drive-walmart-e-commerce-sales-up-97-in-second-quarter},
	urlaccessdate = {18 out 2020}
}
@article{chen18,
	title        = {A Survey of Collaborative Filtering-Based Recommender Systems: From Traditional Methods to Hybrid Methods Based on Social Networks},
	author       = {R. {CHEN} and Q. {Hua} and Y. {Chang} and B. {Wang} and L. {Zhang} and X. {Kong}},
	year         = 2018,
	journal      = {IEEE Access},
	volume       = 6,
	number       = {},
	pages        = {64301--64320}
}
@misc{azevedo19,
	title        = {Métodos de Machine Learning para seleção de variáveis com aplicações ao Rugby Sevens Feminino},
	author       = {Eduardo Bezerra},
	year         = 2019,
	url          = {https://www.lume.ufrgs.br/handle/10183/203926},
	date-added   = {2019-01-01 08:00:00 +0000},
	urlaccessdate = {18 out 2020},
	is-portuguese = 1
}
@misc{microsoft20,
	title        = {Visual Studio Code - Code Editing. Redefined},
	author       = {Microsoft},
	year         = 2020,
	url          = {https://code.visualstudio.com/},
	urlaccessdate = {18 out 2020}
}
@misc{so20,
	title        = {StackOverflow Developer Survey Results 2019},
	author       = {StackOverflow},
	year         = 2020,
	url          = {https://insights.stackoverflow.com/survey/2019#development-environments-and-tools},
	urlaccessdate = {18 out 2020}
}
